@article{bip2,
  author    = {Ananda Basu and
               Saddek Bensalem and
               Marius Bozga and
               Jacques Combaz and
               Mohamad Jaber and
               Thanh{-}Hung Nguyen and
               Joseph Sifakis},
  title     = {Rigorous Component-Based System Design Using the {BIP} Framework},
  journal   = {{IEEE} Software},
  volume    = {28},
  number    = {3},
  pages     = {41--48},
  year      = {2011},
  url       = {http://dx.doi.org/10.1109/MS.2011.27},
  doi       = {10.1109/MS.2011.27},
  timestamp = {Tue, 12 Jan 2016 12:01:45 +0100},
  biburl    = {http://dblp.uni-trier.de/rec/bib/journals/software/BasuBBCJNS11},
  bibsource = {dblp computer science bibliography, http://dblp.org}
}

@article{bip-distributed,
  author    = {Borzoo Bonakdarpour and
               Marius Bozga and
               Mohamad Jaber and
               Jean Quilbeuf and
               Joseph Sifakis},
  title     = {A framework for automated distributed implementation of component-based
               models},
  journal   = {Distributed Computing},
  volume    = {25},
  number    = {5},
  pages     = {383--409},
  year      = {2012},
  url       = {http://dx.doi.org/10.1007/s00446-012-0168-6},
  doi       = {10.1007/s00446-012-0168-6},
  timestamp = {Tue, 25 Sep 2012 16:03:42 +0200},
  biburl    = {http://dblp.uni-trier.de/rec/bib/journals/dc/BonakdarpourBJQS12},
  bibsource = {dblp computer science bibliography, http://dblp.org}
}

@inproceedings{PinisettyPTJFM16,
  author    = {Srinivas Pinisetty and
               Viorel Preoteasa and
               Stavros Tripakis and
               Thierry J{\'{e}}ron and
               Yli{\`{e}}s Falcone and
               Herv{\'{e}} Marchand},
  title     = {Predictive runtime enforcement},
  booktitle = {Proceedings of the 31st Annual {ACM} Symposium on Applied Computing,
               Pisa, Italy, April 4-8, 2016},
  pages     = {1628--1633},
  year      = {2016},
  url       = {http://doi.acm.org/10.1145/2851613.2851827},
  doi       = {10.1145/2851613.2851827},
  timestamp = {Mon, 06 Jun 2016 18:51:39 +0200},
  biburl    = {http://dblp.uni-trier.de/rec/bib/conf/sac/PinisettyPTJFM16},
  bibsource = {dblp computer science bibliography, http://dblp.org}
}

@inproceedings{CharafeddineEFJ15,
  author    = {Hadil Charafeddine and
               Khalil El{-}Harake and
               Yli{\`{e}}s Falcone and
               Mohamad Jaber},
  title     = {Runtime enforcement for component-based systems},
  booktitle = {Proceedings of the 30th Annual {ACM} Symposium on Applied Computing,
               Salamanca, Spain, April 13-17, 2015},
  pages     = {1789--1796},
  year      = {2015},
  url       = {http://doi.acm.org/10.1145/2695664.2695879},
  doi       = {10.1145/2695664.2695879},
  timestamp = {Tue, 21 Jul 2015 21:17:02 +0200},
  biburl    = {http://dblp.uni-trier.de/rec/bib/conf/sac/CharafeddineEFJ15},
  bibsource = {dblp computer science bibliography, http://dblp.org}
}

@article{HuangPSW16,
  author    = {Chung{-}Hao Huang and
               Doron A. Peled and
               Sven Schewe and
               Farn Wang},
  title     = {A Game-Theoretic Foundation for the Maximum Software Resilience against
               Dense Errors},
  journal   = {{IEEE} Trans. Software Eng.},
  volume    = {42},
  number    = {7},
  pages     = {605--622},
  year      = {2016},
  url       = {http://dx.doi.org/10.1109/TSE.2015.2510001},
  doi       = {10.1109/TSE.2015.2510001},
  timestamp = {Thu, 28 Jul 2016 09:14:19 +0200},
  biburl    = {http://dblp2.uni-trier.de/rec/bib/journals/tse/HuangPSW16},
  bibsource = {dblp computer science bibliography, http://dblp.org}
}